<?xml version="1.0" encoding="UTF-8"?><record xmlns="http://www.loc.gov/MARC21/slim" xmlns:cinclude="http://apache.org/cocoon/include/1.0" xmlns:zs="http://www.loc.gov/zing/srw/">
  <leader>00587cz  a2200133n  4500</leader>
  <controlfield tag="001">nr 97043940 </controlfield>
  <controlfield tag="003">DLC</controlfield>
  <controlfield tag="005">20120810090455.0</controlfield>
  <controlfield tag="008">971210n| acannaab           |n ana      </controlfield>
  <datafield tag="010" ind1=" " ind2=" ">
    <subfield code="a">nr 97043940 </subfield>
  </datafield>
  <datafield tag="040" ind1=" " ind2=" ">
    <subfield code="a">DLC-R</subfield>
    <subfield code="b">eng</subfield>
    <subfield code="c">DLC-R</subfield>
    <subfield code="d">DLC</subfield>
  </datafield>
  <datafield tag="111" ind1="2" ind2=" ">
    <subfield code="a">Ajia o Dō Miru ka</subfield>
  </datafield>
  <datafield tag="667" ind1=" " ind2=" ">
    <subfield code="a">THIS 1XX FIELD CANNOT BE USED UNDER RDA UNTIL THIS RECORD HAS BEEN REVIEWED AND/OR UPDATED</subfield>
  </datafield>
  <datafield tag="670" ind1=" " ind2=" ">
    <subfield code="a">Nihon shi o umi kara arau, 1996:</subfield>
    <subfield code="b">p. 259 (Ajia o Dō Miru ka; 2nd symposium held at Fukuoka-shi, Nov. 25, 1994; sponsored by Fukuoka-shi and Monbushō Jūten Ryōiki Kenkyū "Sōgōteki Chiiki Kenkyū")</subfield>
  </datafield>
</record>